<record><leader>00000cas a22000007a 4500</leader><controlfield tag="001">16798861</controlfield><controlfield tag="008">871002d19251978ohuwr ne      0    0eng d</controlfield><datafield ind1=" " ind2=" " tag="010"><subfield code="a">sn 87076694 </subfield></datafield><datafield ind1=" " ind2=" " tag="040"><subfield code="a">ONP</subfield><subfield code="b">eng</subfield><subfield code="c">ONP</subfield><subfield code="d">OCLCQ</subfield><subfield code="d">OCLCF</subfield><subfield code="d">OCLCO</subfield></datafield><datafield ind1="1" ind2=" " tag="029"><subfield code="a">AU@</subfield><subfield code="b">000020536881</subfield></datafield><datafield ind1=" " ind2=" " tag="042"><subfield code="a">msc</subfield></datafield><datafield ind1=" " ind2=" " tag="043"><subfield code="a">n-us-oh</subfield></datafield><datafield ind1="0" ind2="0" tag="245"><subfield code="a">Maumee Valley news.</subfield></datafield><datafield ind1="3" ind2="0" tag="246"><subfield code="a">Maumee news-herald</subfield></datafield><datafield ind1=" " ind2=" " tag="260"><subfield code="a">Maumee, Ohio :</subfield><subfield code="b">Maumee Valley Pub.,</subfield><subfield code="c">-1978.</subfield></datafield><datafield ind1=" " ind2=" " tag="300"><subfield code="a">v.</subfield></datafield><datafield ind1=" " ind2=" " tag="310"><subfield code="a">Weekly</subfield></datafield><datafield ind1="1" ind2=" " tag="362"><subfield code="a">Began with Dec. 18, 1925 issue.</subfield></datafield><datafield ind1="0" ind2=" " tag="362"><subfield code="a">-v. 55, no. 38 (Apr. 12, 1978).</subfield></datafield><datafield ind1=" " ind2=" " tag="500"><subfield code="a">Published as: Maumee news-herald, Mar. 22, 1978-Apr. 12, 1978.</subfield></datafield><datafield ind1=" " ind2=" " tag="500"><subfield code="a">"Serving Maumee, South Toledo, Heatherdowns &amp; Byrne Rd. area."</subfield></datafield><datafield ind1=" " ind2=" " tag="588"><subfield code="a">Description based on: Vol. 1, no. 2 (Dec. 25, 1925).</subfield></datafield><datafield ind1=" " ind2="0" tag="651"><subfield code="a">Maumee (Ohio)</subfield><subfield code="v">Newspapers.</subfield></datafield><datafield ind1=" " ind2="0" tag="651"><subfield code="a">Lucas County (Ohio)</subfield><subfield code="v">Newspapers.</subfield></datafield><datafield ind1=" " ind2="7" tag="655"><subfield code="a">Newspapers.</subfield><subfield code="2">fast</subfield><subfield code="0">(OCoLC)fst01423814</subfield></datafield><datafield ind1=" " ind2="7" tag="651"><subfield code="a">Ohio</subfield><subfield code="z">Lucas County.</subfield><subfield code="2">fast</subfield><subfield code="0">(OCoLC)fst01208887</subfield></datafield><datafield ind1=" " ind2="7" tag="651"><subfield code="a">Ohio</subfield><subfield code="z">Maumee.</subfield><subfield code="2">fast</subfield><subfield code="0">(OCoLC)fst01231960</subfield></datafield><datafield ind1=" " ind2=" " tag="752"><subfield code="a">United States</subfield><subfield code="b">Ohio</subfield><subfield code="c">Lucas</subfield><subfield code="d">Maumee.</subfield></datafield><datafield ind1="0" ind2="0" tag="785"><subfield code="t">Maumee Valley herald</subfield><subfield code="w">(DLC)sn 87076695</subfield></datafield></record>